<record><leader>00000cas a22000007a 4500</leader><controlfield tag="001">13505928</controlfield><controlfield tag="008">860429d18871904nvudn ne      0    0eng d</controlfield><datafield ind1=" " ind2=" " tag="010"><subfield code="a">sn 86076107 </subfield></datafield><datafield ind1=" " ind2=" " tag="040"><subfield code="a">NNX</subfield><subfield code="b">eng</subfield><subfield code="c">NNX</subfield><subfield code="d">CNW</subfield><subfield code="d">OCLCQ</subfield><subfield code="d">OCLCF</subfield><subfield code="d">OCLCO</subfield></datafield><datafield ind1="1" ind2=" " tag="029"><subfield code="a">AU@</subfield><subfield code="b">000025804491</subfield></datafield><datafield ind1=" " ind2=" " tag="042"><subfield code="a">msc</subfield></datafield><datafield ind1=" " ind2=" " tag="043"><subfield code="a">n-us-nv</subfield></datafield><datafield ind1="0" ind2=" " tag="130"><subfield code="a">Evening report (Virginia City, Nev.)</subfield></datafield><datafield ind1="1" ind2="4" tag="245"><subfield code="a">The Evening report.</subfield></datafield><datafield ind1="1" ind2="3" tag="246"><subfield code="a">Daily evening report</subfield></datafield><datafield ind1=" " ind2=" " tag="260"><subfield code="a">Virginia City, Nev. :</subfield><subfield code="b">Brown &amp; Chartz,</subfield><subfield code="c">1887-</subfield></datafield><datafield ind1=" " ind2=" " tag="300"><subfield code="a">v.</subfield></datafield><datafield ind1=" " ind2=" " tag="310"><subfield code="a">Daily (except Sun.)</subfield></datafield><datafield ind1="0" ind2=" " tag="362"><subfield code="a">Vol. 4, no. 358 (Feb. 2, 1887)-</subfield></datafield><datafield ind1="1" ind2=" " tag="362"><subfield code="a">Ceased in May 1904.</subfield><subfield code="z">Cf. Lingenfelter, R. Newspapers of Nev., 1854-1979.</subfield></datafield><datafield ind1=" " ind2=" " tag="500"><subfield code="a">Title from publisher's statement: Daily evening report, Feb. 2, 1887-Sept. 14, 1898.</subfield></datafield><datafield ind1=" " ind2=" " tag="500"><subfield code="a">Publisher: Sept. 23, 1887-Nov. 17, 1888, D.L. Brown; Nov. 18, 1888-&lt;Nov. 30, 1888&gt;, D.L. Brown &amp; Co.; &lt;Jan. 3, 1898&gt;-&lt;Dec. 15, 1903&gt;, Report Pub. Co.</subfield></datafield><datafield ind1=" " ind2=" " tag="515"><subfield code="a">Numbering changes to Vol. 1, no. 3, Feb. 4, 1887.</subfield></datafield><datafield ind1=" " ind2=" " tag="515"><subfield code="a">Frequent misnumbering and misdating.</subfield></datafield><datafield ind1=" " ind2=" " tag="515"><subfield code="a">Suspended: Dec. 31, 1888-Mar. 23, 1891; Aug. 1891-Aug. 31, 1897. Cf. Lingenfelter, R. Newspapers of Nev., 1854-1979.</subfield></datafield><datafield ind1=" " ind2=" " tag="530"><subfield code="a">Microfilm available from Bay Microfilm.</subfield></datafield><datafield ind1=" " ind2="0" tag="651"><subfield code="a">Virginia City (Nev.)</subfield><subfield code="v">Newspapers.</subfield></datafield><datafield ind1=" " ind2="7" tag="655"><subfield code="a">Newspapers.</subfield><subfield code="2">fast</subfield><subfield code="0">(OCoLC)fst01423814</subfield></datafield><datafield ind1=" " ind2="7" tag="651"><subfield code="a">Nevada</subfield><subfield code="z">Virginia City.</subfield><subfield code="2">fast</subfield><subfield code="0">(OCoLC)fst01206048</subfield></datafield><datafield ind1=" " ind2=" " tag="752"><subfield code="a">United States</subfield><subfield code="b">Nevada</subfield><subfield code="c">Storey</subfield><subfield code="d">Virginia City.</subfield></datafield><datafield ind1="0" ind2="0" tag="780"><subfield code="t">Footlight (Virginia City, Nev.)</subfield><subfield code="w">(DLC)sn 86076172</subfield></datafield></record>